<record><leader>00000cas a22000007a 4500</leader><controlfield tag="001">25127550</controlfield><controlfield tag="008">920117d18uu18uuncudn ne      0    0eng d</controlfield><datafield ind1=" " ind2=" " tag="010"><subfield code="a">sn 92072920 </subfield></datafield><datafield ind1=" " ind2=" " tag="040"><subfield code="a">NVJ</subfield><subfield code="b">eng</subfield><subfield code="c">NVJ</subfield><subfield code="d">OCLCQ</subfield></datafield><datafield ind1=" " ind2=" " tag="042"><subfield code="a">msc</subfield></datafield><datafield ind1="0" ind2=" " tag="130"><subfield code="a">Newbernian (Newbern, N.C. : Daily : 1880)</subfield></datafield><datafield ind1="1" ind2="4" tag="245"><subfield code="a">The Newbernian.</subfield></datafield><datafield ind1="1" ind2="3" tag="246"><subfield code="a">Daily Newbernian</subfield></datafield><datafield ind1=" " ind2=" " tag="260"><subfield code="a">Newbern, N.C. :</subfield><subfield code="b">S.M. Carpenter</subfield></datafield><datafield ind1=" " ind2=" " tag="300"><subfield code="a">v.</subfield></datafield><datafield ind1=" " ind2=" " tag="310"><subfield code="a">Daily (except Monday)</subfield></datafield><datafield ind1=" " ind2=" " tag="500"><subfield code="a">Weekly ed.: Newbernian (Newbern, N.C. : Weekly : 1876), &lt;Dec. 1876-Mar. 1883&gt;</subfield></datafield><datafield ind1=" " ind2=" " tag="588"><subfield code="a">Description based on: Vol. 2, no. 5 (Sept. 6, 1880).</subfield></datafield><datafield ind1=" " ind2=" " tag="752"><subfield code="a">United States</subfield><subfield code="b">North Carolina</subfield><subfield code="c">Craven</subfield><subfield code="d">New Bern.</subfield></datafield><datafield ind1="1" ind2=" " tag="775"><subfield code="t">Newbernian (Newbern, N.C. : Weekly : 1876)</subfield><subfield code="w">(DLC)sn 92072915</subfield></datafield><datafield ind1="0" ind2="0" tag="780"><subfield code="t">Daily Newbernian (New Berne, N.C. : Daily : 1874)</subfield><subfield code="w">(DLC)sn 92072919</subfield></datafield></record>